@article{aime:hal-01120299,
  TITLE = {{Semantic interoperability platform for Healthcare Information Exchange}},
  AUTHOR = {Aim{\'e}, Xavier and Traor{\'e}, Lamine and Chniti, Amina and Sadou, Eric and Ouagne, David and Charlet, Jean and Jaulent, Marie-Christine and Darmoni, Stefan and Griffon, Nicolas and Amardeilh, Florence and Bascarane, Lydia and Lepage, Eric and Daniel, Christel},
  URL = {http://hal.upmc.fr/hal-01120299},
  JOURNAL = {{IRBM}},
  PUBLISHER = {{Elsevier Masson}},
  PAGES = {in press},
  YEAR = {2015},
  MONTH = Feb,
  DOI = {10.1016/j.irbm.2015.01.003},
  KEYWORDS = {Semantic interoperability ; health information systems ; information model ; reference terminology ; semantic web ; interface terminology},
  PDF = {http://hal.upmc.fr/hal-01120299/file/Aim%C3%A9_Semantic.pdf},
  HAL_ID = {hal-01120299},
  HAL_VERSION = {v1},
}



@article{marcus1993building,
  title={Building a large annotated corpus of English: The Penn Treebank},
  author={Marcus, Mitchell P and Marcinkiewicz, Mary Ann and Santorini, Beatrice},
  journal={Computational linguistics},
  volume={19},
  number={2},
  pages={313--330},
  year={1993},
  publisher={MIT Press}
}




@misc{hyland14,
  author = {Bernadette Hyland and Ghislain Atemezing and Boris Villazon-Terrazas},
  title = {{Best Practices for Publishing Linked Data}},
  howpublished = {W3C Working Group Note},
  year = {2014},
  note = {\url{http://www.w3.org/TR/ld-bp/}}
}



@article{lopezetal2013,
  author    = {Lopez, Vanessa and Unger, Christina and Cimiano, Philipp and Motta, Enrico},
  title     = {Evaluating question answering over linked data},
  journal   = {Web Semantics Science Services And Agents On The World Wide Web},
  volume    = {21},
  pages     = {3--13},
  publisher = {Elsevier},
  year      = {2013},
  doi       = {10.1016/j.websem.2013.05.006},
  issn      = {1570-8268}
}


@article{vandenbusschelov,
  title={{LOV: a gateway to reusable semantic vocabularies on the Web}},
  author={Vandenbussche, Pierre-Yves and Atemezing, Ghislain A and Poveda-Villal{\'o}nc, Mar{\'\i}a and Vatant, Bernard},
  year = {2015},
  note= {\url{http://www.semantic-web-journal.net/system/files/swj974.pdf}},
  journal= {Semantic Web Journal}
  
}


